<record><leader>00000cas a22000007a 4500</leader><controlfield tag="001">17975072</controlfield><controlfield tag="008">880519d1uuu190utxuwr ne      0    0eng d</controlfield><datafield ind1=" " ind2=" " tag="010"><subfield code="a">sn 88083551 </subfield></datafield><datafield ind1=" " ind2=" " tag="040"><subfield code="a">PPM</subfield><subfield code="b">eng</subfield><subfield code="c">PPM</subfield><subfield code="d">OCLCQ</subfield></datafield><datafield ind1=" " ind2=" " tag="042"><subfield code="a">msc</subfield></datafield><datafield ind1="0" ind2="4" tag="245"><subfield code="a">The Cooper weekly review.</subfield></datafield><datafield ind1=" " ind2=" " tag="260"><subfield code="a">Cooper, Tex. :</subfield><subfield code="b">Fannie Bacon</subfield></datafield><datafield ind1=" " ind2=" " tag="310"><subfield code="a">Weekly</subfield></datafield><datafield ind1=" " ind2=" " tag="588"><subfield code="a">Description based on: Vol. 12, no. 3 (Jan. 2, 1902).</subfield></datafield><datafield ind1=" " ind2=" " tag="752"><subfield code="a">United States</subfield><subfield code="b">Texas</subfield><subfield code="c">Delta</subfield><subfield code="d">Cooper.</subfield></datafield><datafield ind1="0" ind2="0" tag="780"><subfield code="t">People's cause and North Texas review</subfield><subfield code="w">(DLC)sn 86088657</subfield></datafield><datafield ind1="0" ind2="0" tag="785"><subfield code="t">Cooper review</subfield><subfield code="w">(DLC)sn 88083551</subfield></datafield></record>